<?xml version="1.0" encoding="UTF-8"?><collection xmlns="http://www.loc.gov/MARC21/slim"><record><leader>00395nam--2200145-i-4500</leader><controlfield tag="001">000026350</controlfield><controlfield tag="002">20161230</controlfield><controlfield tag="005">20161230201036</controlfield><controlfield tag="008">060222s1000------------r-----000-0-eng-d</controlfield><datafield ind1=" " ind2=" " tag="080"><subfield code="a">530.145:537.8</subfield></datafield><datafield ind1=" " ind2=" " tag="100"><subfield code="a">Kastler, Daniel</subfield></datafield><datafield ind1=" " ind2=" " tag="245"><subfield code="a">Introduction a l`electrodynamique quantique</subfield></datafield><datafield ind1=" " ind2=" " tag="260"><subfield code="a">Dunod, Paris, 1961, Xxxiii + 333p</subfield></datafield><datafield ind1=" " ind2=" " tag="490"><subfield code="a">Travaux Et Recherches Mathematiques</subfield></datafield><datafield ind1=" " ind2=" " tag="852"><subfield code="a">13953</subfield></datafield></record></collection>